2464 3810
927 284 970 360 Ῐ7

208 369 350 455 ῑοᾶιις;
373 363 477 438 ineo
502 378 630 436 autem
654 363 748 436 haec
778 354 950 434 exstant
975 285 997 362 ⁷
1053 385 1059 406 ²

158 463 365 539 Orationes
386 445 555 538 eiusdem
571 459 701 538 Dionis
722 459 824 536 duae
849 457 940 534 de'
929 479 1049 557 tmpe-

208 563 289 636 rio.

158 657 314 758 Dionpfir‘
337 661 483 776 Longini
512 661 559 738 de
578 658 814 749 sublimitate
841 657 1049 734 orationis.

158 761 197 834 Τ
193 743 334 848 hemana
364 762 490 836 oratio
534 761 634 836 de
611 784 682 856 ns,
709 761 776 858 qui
808 755 876 835 sub
907 759 1050 834 Valen

208 881 247 932 te
270 855 441 936 infelices
458 857 633 936 fuerant.

160 953 344 1034 Eiusdem
365 959 412 1032 de
435 983 524 1052 pace
549 959 751 1037 Valentis

158 1054 343 1133 Eiusdem
364 1057 579 1137 admonrtro
589 1059 636 1135 ad
649 1057 971 1135 Valentinianum
985 1050 1050 1128 lu·

211 1157 379 1232 niorem

160 1249 343 1330 Eiusdem
365 1253 588 1336 Consularis
609 1255 733 1332 oratio
771 1256 813 1329 in
845 1253 1052 1330 Iovianum

209 1351 486 1448 Imperatorem
504 1413 513 1430 .

159 1451 342 1530 Eiusdem
357 1456 398 1528 in
413 1451 713 1532 Constantinum
749 1450 1051 1546 Imperatorem.

158 1650 437 1745 Prolegomena
454 1651 636 1730 Statuum
656 1649 906 1748 Hermogenis.

485 1822 739 1927 cnxrrmj

365 2047 588 2142 Dynameron
604 2064 778 2148 paruum.
812 2047 847 2123 I.

158 2241 292 2322 Codex
319 2237 507 2318 secundae
522 2243 775 2334 longitudinis
792 2267 949 2338 parvae,
965 2270 1052 2324 coo·

175 2366 336 2438 pertus
357 2344 457 2436 pelle
484 2365 634 2418 crocea.
650 2345 841 2418 Continet
855 2364 985 2418 autem
1012 2374 1053 2420 o·
1098 2419 1106 2426 ,

208 2467 275 2530 pus
290 2445 340 2518 ita
352 2442 494 2516 dietum
510 2443 733 2538 Dynameron
751 2463 928 2536 parvum
946 2441 966 2516 I
972 2469 1052 2521 tem

207 2537 383 2618 Lexicon
427 2541 762 2633 interpretationis
811 2537 1062 2638 herbarum,'

206 2643 341 2716 ordine
367 2637 785 2732 alphabetico..
1058 2709 1062 2714 .

160 2735 227 2817 De
252 2737 480 2840 simplicibus
509 2739 735 2818 Pharmaeis
754 2703 1038 2834 purgantibus.
1058 2755 1062 2762 '

160 2837 226 2917 De
245 2828 519 2952 constitutione
540 2842 676 2914 mundi
715 2843 760 2918 dr
779 2840 967 2917 hominis.

160 3034 350 3114 Collenio
379 3038 662 3133 compendiaria
678 3037 724 3112 de
739 2994 929 3129 auxiliis,
952 3041 988 3114 dt
1007 3009 1064 3113 de¹

165 3136 329 3210 modo
351 3133 446 3210 dosis
472 3163 607 3218 eorum
631 3163 718 3214 cum
746 3139 907 3236 propriis
927 3141 1065 3278 propi

210 3233 454 3318 nationibus·
605 3330 652 3410 M
873 3315 877 3324 ,
928 3265 1016 3410 ἐξ..

976 3356 1007 3404 l·
